@misc{ convex,
  author = "{Wikipedia contributors}",
  title = "Convex optimization --- {Wikipedia}{,} The Free Encyclopedia",
  year = "2022",
  howpublished = "\url{https://en.wikipedia.org/w/index.php?title=Convex_optimization&oldid=1088444776}",
  note = "[Online; accessed 29-May-2022]"
}