@article{osqp,
  author  = {Stellato, B. and Banjac, G. and Goulart, P. and Bemporad, A. and Boyd, S.},
  title   = {{OSQP}: an operator splitting solver for quadratic programs},
  journal = {Mathematical Programming Computation},
  year    = {2020},
  volume  = {12},
  number  = {4},
  pages   = {637--672},
  doi     = {10.1007/s12532-020-00179-2},
  url     = {https://doi.org/10.1007/s12532-020-00179-2},
}